<record><leader>00000cas a22000007a 4500</leader><controlfield tag="001">16096149</controlfield><controlfield tag="008">870627d19341950aluwr ne      0    0eng d</controlfield><datafield ind1=" " ind2=" " tag="010"><subfield code="a">sn 87050227 </subfield></datafield><datafield ind1=" " ind2=" " tag="040"><subfield code="a">AAR</subfield><subfield code="b">eng</subfield><subfield code="c">AAR</subfield><subfield code="d">CPN</subfield><subfield code="d">OCLCQ</subfield></datafield><datafield ind1=" " ind2=" " tag="042"><subfield code="a">msc</subfield></datafield><datafield ind1=" " ind2="4" tag="050"><subfield code="a">HD4803.A3</subfield><subfield code="b">J1</subfield></datafield><datafield ind1="0" ind2=" " tag="130"><subfield code="a">Union news (Jasper, Ala.)</subfield></datafield><datafield ind1="1" ind2="4" tag="245"><subfield code="a">The Union news.</subfield></datafield><datafield ind1=" " ind2=" " tag="260"><subfield code="a">Jasper, Ala. :</subfield><subfield code="b">Union Pub. Co.,</subfield><subfield code="c">1934-1950.</subfield></datafield><datafield ind1=" " ind2=" " tag="310"><subfield code="a">Weekly</subfield></datafield><datafield ind1="1" ind2=" " tag="362"><subfield code="a">Began in 1934.</subfield></datafield><datafield ind1="0" ind2=" " tag="362"><subfield code="a">Vol. 1, no. 1 (Aug. 23, 1934)-v. 25, no. 8 (Dec. 28, 1950).</subfield></datafield><datafield ind1=" " ind2=" " tag="752"><subfield code="a">United States</subfield><subfield code="b">Alabama</subfield><subfield code="c">Walker</subfield><subfield code="d">Jasper.</subfield></datafield><datafield ind1="0" ind2="5" tag="780"><subfield code="t">Carbon Hill news</subfield><subfield code="w">(DLC)sn 87050211</subfield></datafield><datafield ind1="0" ind2="0" tag="785"><subfield code="t">Walker County times (Jasper, Ala.)</subfield><subfield code="w">(DLC)sn 87050228</subfield></datafield></record>